<?xml version="1.0" encoding="UTF-8"?><collection xmlns="http://www.loc.gov/MARC21/slim"><record><leader>00469nam--2200181-i-4500</leader><controlfield tag="001">000013758</controlfield><controlfield tag="002">20161230</controlfield><controlfield tag="005">20161230201030</controlfield><controlfield tag="008">060222s1000------------r-----000-0-fre-d</controlfield><datafield ind1=" " ind2=" " tag="040"><subfield code="a">IFIN-HH</subfield></datafield><datafield ind1=" " ind2=" " tag="041"><subfield code="a">fre</subfield></datafield><datafield ind1=" " ind2=" " tag="080"><subfield code="a">531.62</subfield></datafield><datafield ind1="1" ind2=" " tag="100"><subfield code="a">Boeresco, C</subfield></datafield><datafield ind1="1" ind2="0" tag="245"><subfield code="a">La conservation de l`energie et les mouvements des corps</subfield><subfield code="c">C. Boeresco</subfield></datafield><datafield ind1=" " ind2=" " tag="260"><subfield code="a">Bucarest, Imprimerie Copuzeanu, 1931</subfield></datafield><datafield ind1=" " ind2=" " tag="300"><subfield code="a">15 P</subfield></datafield><datafield ind1=" " ind2=" " tag="852"><subfield code="a">47502</subfield><subfield code="c">531</subfield></datafield><datafield ind1=" " ind2=" " tag="CAT"><subfield code="a">Sys</subfield><subfield code="c">20100630</subfield><subfield code="h">095214</subfield></datafield></record></collection>